@InProceedings{panchenko,
  Author={Panchenko, Andriy and Niessen, Lukas and Zinnen, Andreas and Engel, Thomas},
  Booktitle={Proceedings of the 10th ACM Workshop on Privacy in the Electronic
Society},
  Title={Website fingerprinting in onion routing based anonymization networks},
  Pages={103--114},
  Year={2011}
}

# td: capitalize
@inproceedings{ccs2014-critical,
  title = {A Critical Evaluation of Website Fingerprinting Attacks},
  author = {Marc Juarez and Sadia Afroz and Gunes Acar and Claudia Diaz and Rachel
        Greenstadt},
  booktitle = {Proceedings of the 21th ACM conference on Computer and Communications
        Security (CCS 2014)},
  year = {2014},
  month = {November},
  www_tags = {selected},
  www_pdf_url = {http://www.cosic.esat.kuleuven.be/publications/article-2456.pdf},
  www_section = {Traffic analysis},
}

@inproceedings{ccs2014-fingerprinting,
  title = {A Systematic Approach to Developing and Evaluating Website Fingerprinting
        Defenses},
  author = {Xiang Cai and Rishab Nithyanand and Tao Wang and Rob Johnson and Ian Goldberg},
  booktitle = {Proceedings of the 21th ACM conference on Computer and Communications
        Security (CCS 2014)},
  year = {2014},
  month = {November},
  www_tags = {selected},
  www_pdf_url = {http://www.cs.stonybrook.edu/~rob/papers/ccs14.pdf},
  www_section = {Traffic analysis},
}

@inproceedings{ccs2012-fingerprinting,
  title = {Touching from a Distance: Website Fingerprinting Attacks and Defenses},
  author = {Xiang Cai and Xincheng Zhang and Brijesh Joshi and Rob Johnson},
  booktitle = {Proceedings of the 19th ACM conference on Computer and Communications
        Security (CCS 2012)},
  year = {2012},
  month = {October},
  www_tags = {selected},
  www_pdf_url = {http://www.cs.sunysb.edu/~xcai/fp.pdf},
  www_section = {Traffic analysis},
}

@inproceedings{ccsw09-fingerprinting,
  title = {Website fingerprinting: attacking popular privacy enhancing technologies with
        the multinomial na\"{\i}ve-bayes classifier},
  author = {Dominik Herrmann and Rolf Wendolsky and Hannes Federrath},
  booktitle = {Proceedings of the 2009 ACM workshop on Cloud computing security (CCSW
        '09)},
  year = {2009},
  month = {October},
  address = {New York, NY, USA},
  location = {Chicago, Illinois, USA},
  pages = {31--42},
  publisher = {ACM},
  doi = {http://doi.acm.org/10.1145/1655008.1655013},
  isbn = {978-1-60558-784-4},
  www_section = {Traffic analysis},
  www_tags = {selected},
  www_pdf_url = {http://epub.uni-regensburg.de/11919/1/authorsversion-ccsw09.pdf},
}

@inproceedings{morphing09,
  title = {Traffic Morphing: An efficient defense against statistical traffic analysis},
  author = {Charles Wright and Scott Coull and Fabian Monrose},
  booktitle = {Proceedings of the Network and Distributed Security Symposium - {NDSS} '09},
  year = {2009},
  month = {February},
  publisher = {IEEE},
  www_tags = {selected},
  www_pdf_url = {http://freehaven.net/anonbib/papers/morphing09.pdf},
  www_section = {Traffic analysis},
}

@inproceedings{oakland2012-peekaboo,
  title = {Peek-a-Boo, {I} Still See You: Why Efficient Traffic Analysis Countermeasures
        Fail},
  author = {Kevin P. Dyer and Scott E. Coull and Thomas Ristenpart and Thomas Shrimpton},
  booktitle = {Proceedings of the 2012 IEEE Symposium on Security and Privacy},
  year = {2012},
  month = {May},
  www_pdf_url = {http://kpdyer.com/publications/oakland2012.pdf},
  www_tags = {selected},
  www_section = {Traffic analysis},
}

@inproceedings{ccs2013-usersrouted,
  title = {Users Get Routed: Traffic Correlation on Tor by Realistic Adversaries},
  author = {Aaron Johnson and Chris Wacek and Rob Jansen and Micah Sherr and Paul
        Syverson},
  booktitle = {Proceedings of the 20th ACM conference on Computer and Communications
        Security (CCS 2013)},
  year = {2013},
  month = {November},
  www_tags = {selected},
  www_pdf_url = {http://www.ohmygodel.com/publications/usersrouted-ccs13.pdf},
  www_section = {Traffic analysis},
}

@inproceedings{pets14-dummy-traffic,
  title = {Do dummies pay off? Limits of dummy traffic protection in anonymous
        communications},
  author = {Simon Oya, Carmela Troncoso and Fernando P{\'e}rez-Gonz\'alez},
  booktitle = {Proceedings of the 14th Privacy Enhancing Technologies Symposium (PETS
        2014)},
  year = {2014},
  month = {July},
  www_pdf_url = {https://www.petsymposium.org/2014/papers/Oya.pdf},
  www_tags = {selected},
  www_section = {Traffic analysis,Anonymous communication},
}

@incollection{franklin,
  Address = {Philadelphia},
  Author = {Franklin, Benjamin},
  Booktitle = {Memoirs of the life and writings of Benjamin Franklin},
  Editor = {Franklin, William Temple},
  Pages = {333-334},
  Title = {Remarks on the Propositions (A Plan which it is believed
                  would produce a permanent union between Great
                  Britain and her Colonies)},
  Publisher = {Manning, T.S.},
  Volume = {1},
  Year = {1818}
}

@techreport{rfc1928,
  AUTHOR="M. Leech and M. Ganis and Y. Lee and R. Kuris and D. Koblas and L. Jones",
  TITLE="{SOCKS Protocol Version 5}",
  HOWPUBLISHED={Internet Request for Comments},
  TYPE="{RFC}",
  NUMBER="1928",
  PAGES={1-9},
  YEAR=1996,
  MONTH={March},
  PUBLISHER="{RFC Editor}",
  INSTITUTION="{RFC Editor}",
  URL="http://www.ietf.org/rfc/rfc1928.txt",
}

@article{SSL,
     title={Analysis of the SSL 3.0 protocol},
     author={Wagner, David and Schneier, Bruce},
     year={1997},
     month = {April}
}

@misc{katz,
  tag={Supreme Court of the United States},
  title={Katz v. United States, 389 U. S. 347},
  year={1967},
  note={88 S. Ct. 507; 19 L. Ed. 2d 576; 1967 U.S. LEXIS 2},
}

@misc{firefox-pipelining,
  tag = "Bugzilla@Mozilla",
  title = "Enable HTTP pipelining by default",
  year = "2015",
  url = "\url{https://bugzilla.mozilla.org/show_bug.cgi?id=264354}",
  note = "[Online; accessed 25-September-2015]"
}

@techreport{rfc2616,
  AUTHOR = "R. Fielding, J. Gettys, J. Mogul, H. Frystyk, L. Masinter, P. Leach, and T. Berners-Lee",
  TITLE = "{Hypertext Transfer Protocol -- HTTP/1.1}",
  HOWPUBLISHED = {Internet Requests for Comments},
  TYPE="{RFC}",
  NUMBER=2616,
  PAGES = {1-176},
  YEAR = {1999},
  MONTH = {June},
  PUBLISHER = "{RFC Editor}",
  INSTITUTION = "{RFC Editor}",
  URL={http://www.rfc-editor.org/rfc/rfc2616.txt}
}

@misc{chickenfoot,
  tag = "User Interface Design Group, MIT",
  title = "Chickenfoot",
  year = "2016",
  url = "\url{http://groups.csail.mit.edu/uid/chickenfoot/}",
  note = "[Online; accessed 07-January-2016]"
}

@mist{wg-notes,
  author = "Tao Wang",
  title = "data/notes file",
  year = "2016",
  url = "\url{https://crysp.uwaterloo.ca/software/webfingerprint/realpublish.zip}",
  note = "[Online; accessed 07-January-2016]"
}
